@ARTICLE{DeepMind:2015,
	author = {Mnih et al.},
	title = {Human-level control through deep reinforcement learning},
	journal = {Nature},
	year = {2015},
}

@ARTICLE{DoubleDQN:2015,
	author = {Hado van Hasselt, Arthur Guez, David Silver},
	title = {Deep Reinforcement Learning with Double Q-learning},
	year = {2015},
}


@ARTICLE{Dueling:2016,
	author = {Ziyu et al.},
	title = {Dueling Network Architectures for Deep Reinforcement Learning},
	year = {2016},
}

@MISC{implementation2,
	author = {tokb23},
	title = {DQN implementation in Keras + TensorFlow + OpenAI Gym},
	year = {2016},
	note = {https://github.com/tokb23/dqn}
}

@MISC{implementation1,
	author = {tokb23},
	title = {Simple Reinforcement Learning with Tensorflow},
	year = {2016},
	note = {https://medium.com/emergent-future/simple-reinforcement-learning-with-tensorflow-part-0-q-learning-with-tables-and-neural-networks-d195264329d0}
}